@article{bodlaender1990fast,
  title={Fast algorithms for the tron game on trees},
  author={Bodlaender, Hans Leo and Kloks, Antonius Jacobus Johannes and others},
  year={1990},
  publisher={Unknown Publisher}
}

@article{boincs221,
  title={CS221 Project progress-Light cycle racing in Tron},
  author={Boin, Jean-Baptiste}
}

@inproceedings{perick2012comparison,
  title={Comparison of different selection strategies in monte-carlo tree search for the game of tron},
  author={Perick, Pierre and St-Pierre, David L and Maes, Francis and Ernst, Damien},
  booktitle={2012 IEEE Conference on Computational Intelligence and Games (CIG)},
  pages={242--249},
  year={2012},
  organization={IEEE}
}


@article{den2011monte,
  title={Monte-Carlo Tree AdversarialSearch for the simultaneous move game Tron},
  author={Den Teuling, Niek GP and Winands, Mark HM},
  journal={Univ. Maastricht, Netherlands, Tech. Rep},
  year={2011}
}

@misc{sloane_2010, 
  title={Google AI Challenge post-mortem}, 
  url={https://www.a1k0n.net/2010/03/04/google-ai-postmortem.html}, 
  journal={a1k0n.net}, 
  author={Sloane, Andy}, 
  year={2010}, 
  month={Mar}
} 

@misc{nathan, title={A comparison of algorithms for multi-player games - University of Alberta}, url={https://webdocs.cs.ualberta.ca/~nathanst/papers/comparison_algorithms.pdf}, author={Nathan, Sturtevant}} 